@misc{ msc
	author = "Harish Kumar Vrindavan Venugopalan Nair",
	title  = "Simulating Quantum Dot Responses to
		an External Electric Field",
	text   = "MSc Information Technology Dissertation",
	year   = "2008", }
